

%Entries

@article{EVANS2005197,
title = "Do currency markets absorb news quickly?",
journal = "Journal of International Money and Finance",
volume = "24",
number = "2",
pages = "197--217",
year = "2005",
note = "Exchange Rate Economics",
issn = "0261-5606",
author = "Martin D.D. Evans and Richard K. Lyons",
}

@article{BAUWENS20051108,
title = "News announcements, market activity and volatility in the euro/dollar foreign exchange market",
journal = "Journal of International Money and Finance",
volume = "24",
number = "7",
pages = "1108--1125",
year = "2005",
issn = "0261-5606",
author = "Luc Bauwens and Walid Ben Omrane and Pierre Giot",
keywords = "Foreign exchange market, Volatility, News announcements, High-frequency data",
}

@article{CHATRATH201442,
title = "Currency jumps, cojumps and the role of macro news",
journal = "Journal of International Money and Finance",
volume = "40",
pages = "42--62",
year = "2014",
issn = "0261-5606",
author = "Arjun Chatrath and Hong Miao and Sanjay Ramchander and Sriram Villupuram",
keywords = "Currency jumps, Cojumps, Macroeconomic news",
}

@article{EVANS200826,
title = "How is macro news transmitted to exchange rates?",
journal = "Journal of Financial Economics",
volume = "88",
number = "1",
pages = "26--50",
year = "2008",
issn = "0304-405X",
author = "Martin D.D. Evans and Richard K. Lyons",
keywords = "Information, Microstructure, Announcements, Heterogeneity",
}

@book{samuels2015trader,
  title={The Trader's Pendulum: The 10 Habits of Highly Successful Traders},
  author={Jody Samuels},
  isbn={9781118995570},
  lccn={2015017700},
  series={Wiley Trading},
  url={https://books.google.com.tw/books?id=1PzzBgAAQBAJ},
  year={2015},
  publisher={Wiley}
}

@INPROCEEDINGS{7850020,
  author={Amer Bakhach and Edward P. K. Tsang and Hamid Jalalian},
  booktitle={2016 IEEE Symposium Series on Computational Intelligence (SSCI)}, 
  title={Forecasting directional changes in the FX markets}, 
  year={2016},
  volume={},
  number={},
  pages={1-8},}
  
@article{YAO200079,
title = "A case study on using neural networks to perform technical forecasting of forex",
journal = "Neurocomputing",
volume = "34",
number = "1",
pages = "79--98",
year = "2000",
issn = "0925-2312",
author = "Jingtao Yao and Chew Lim Tan",
keywords = "Foreign exchange rate, Neural network, Forecasting, Time series",
}

@article{KOOLEN2014144,
title = "Buy low, sell high",
journal = "Theoretical Computer Science",
volume = "558",
pages = "144--158",
year = "2014",
issn = "0304-3975",
author = "Wouter M. Koolen and Vladimir Vovk",
keywords = "Online investment, Worst-case analysis, Probability-free option pricing",
}

@article{Zervos11,
author = {Zervos, Mihail and Johnson, Timothy and Alazemi, Fares},
year = {2011},
pages = {560--578},
title = {Buy-low and sell-high investment strategies},
volume = {3},
journal = {Mathematical Finance},
}

@online{TradeForex,
  author =       "BabyPips",
  title =        "The Different Ways To Trade Forex",
  url =          "https://www.babypips.com/learn/forex/different-ways-to-trade-forex",
  lastaccessed = "June 14, 2020",
}

@online{ForexWebsites,
  author =       "WikiJob",
  year =         "2020",
  title =        "The 10 Best Forex Websites",
  url =          "https://www.wikijob.co.uk/content/trading/forex/forex-websites",
  lastaccessed = "June 14, 2020",
}

@online{BabyPips,
  author =       "BabyPips",
  title =        "BabyPips",
  url =          "https://www.babypips.com",
  lastaccessed = "June 14, 2020",
}

@online{Bloomberg,
  author =       "Bloomberg",
  title =        "Bloomberg",
  url =          "https://www.bloomberg.com",
  lastaccessed = "June 14, 2020",
}

@online{TradingView,
  author =       "TradingView",
  title =        "TradingView",
  url =          "https://www.tradingview.com",
  lastaccessed = "June 14, 2020",
}

@online{FX-1-Minute-Data,
  author =       "philipperemy",
  title =        "FX-1-Minute-Data",
  url =          "https://github.com/philipperemy/FX-1-Minute-Data",
  lastaccessed = "June 14, 2020",
}

@online{WSJ,
  author =       "The Wall Street Journal",
  title =        "The Wall Street Journal",
  url =          "https://www.wsj.com",
  lastaccessed = "June 14, 2020",
}

@online{Plotly,
  author =       "Plotly",
  title =        "Plotly Open Source Graphing Libraries",
  url =          "https://plotly.com/graphing-libraries/",
  lastaccessed = "June 14, 2020",
}

@online{"CNBC",
  author =       "CNBC",
  year =         "2020",
  title =        "Dollar sinks after US Federal Reserve cuts interest rates to battle coronavirus",
  url =          "https://www.cnbc.com/2020/03/03/forex-markets-g-7-yen-in-focus.html",
  lastaccessed = "June 14, 2020",
}